<?xml version="1.0" encoding="UTF-8"?><collection xmlns="http://www.loc.gov/MARC21/slim"><record><leader>00628nam--2200217-u-4500</leader><controlfield tag="001">000053130</controlfield><controlfield tag="002">20161230</controlfield><controlfield tag="005">20161230201051</controlfield><controlfield tag="008">110106s1000------------r-----000-0-eng-d</controlfield><datafield ind1=" " ind2=" " tag="020"><subfield code="a">9810226403</subfield></datafield><datafield ind1=" " ind2=" " tag="040"><subfield code="a">IFIN-HH</subfield></datafield><datafield ind1=" " ind2=" " tag="080"><subfield code="a">539.12:530.145(042.4)</subfield></datafield><datafield ind1="1" ind2=" " tag="100"><subfield code="a">Shifman, M.A</subfield></datafield><datafield ind1="1" ind2="0" tag="245"><subfield code="a">Itep lectures on particle physics and field theory</subfield><subfield code="c">M.a. shifman</subfield></datafield><datafield ind1=" " ind2=" " tag="260"><subfield code="a">Singapore</subfield><subfield code="b">World Scientific</subfield><subfield code="c">1999</subfield></datafield><datafield ind1=" " ind2=" " tag="300"><subfield code="a">2 VOLUMES</subfield></datafield><datafield ind1=" " ind2=" " tag="490"><subfield code="a">World Scientific Lecture Notes In Physics</subfield><subfield code="v">Vol. 62</subfield></datafield><datafield ind1=" " ind2="4" tag="650"><subfield code="a">Particle Physics</subfield></datafield><datafield ind1="1" ind2=" " tag="787"><subfield code="a">Vol.Ii</subfield><subfield code="h">/484p./875p</subfield></datafield><datafield ind1=" " ind2=" " tag="852"><subfield code="a">81535</subfield><subfield code="c">539.12</subfield></datafield><datafield ind1=" " ind2=" " tag="CAT"><subfield code="a">Sys</subfield><subfield code="c">20110106</subfield><subfield code="h">142421</subfield></datafield></record></collection>